<?xml version="1.0" encoding="UTF-8"?><collection xmlns="http://www.loc.gov/MARC21/slim"><record><leader>00333nam--2200121-i-4500</leader><controlfield tag="001">000035558</controlfield><controlfield tag="002">20161230</controlfield><controlfield tag="005">20161230201040</controlfield><controlfield tag="008">060222s1000------------r-----000-0-eng-d</controlfield><datafield ind1=" " ind2=" " tag="100"><subfield code="a">Muses, C.A</subfield></datafield><datafield ind1=" " ind2=" " tag="245"><subfield code="a">An evaluation of relativity theory. after a half-century</subfield></datafield><datafield ind1=" " ind2=" " tag="260"><subfield code="a">New York, Falcon`S Wing Press, 1953, Iv + 48p</subfield></datafield><datafield ind1=" " ind2=" " tag="852"><subfield code="a">12106</subfield></datafield></record></collection>